<record><leader>00000cas a22000007a 4500</leader><controlfield tag="001">36107154</controlfield><controlfield tag="008">961218d19031905okuwr n       0    0eng d</controlfield><datafield ind1=" " ind2=" " tag="010"><subfield code="a">sn 96093299 </subfield></datafield><datafield ind1=" " ind2=" " tag="040"><subfield code="a">OBN</subfield><subfield code="b">eng</subfield><subfield code="c">OBN</subfield><subfield code="d">OCLCQ</subfield><subfield code="d">OCLCO</subfield></datafield><datafield ind1="1" ind2=" " tag="029"><subfield code="a">AU@</subfield><subfield code="b">000013023293</subfield></datafield><datafield ind1=" " ind2=" " tag="042"><subfield code="a">msc</subfield></datafield><datafield ind1=" " ind2=" " tag="043"><subfield code="a">n-us-ok</subfield></datafield><datafield ind1="0" ind2="0" tag="245"><subfield code="a">Fairland newsboy.</subfield></datafield><datafield ind1="3" ind2=" " tag="246"><subfield code="a">Newsboy</subfield></datafield><datafield ind1=" " ind2=" " tag="260"><subfield code="a">Fairland, Cherokee Nation, I.T. [Okla.] :</subfield><subfield code="b">John T. Newsport</subfield></datafield><datafield ind1=" " ind2=" " tag="300"><subfield code="a">v.</subfield></datafield><datafield ind1=" " ind2=" " tag="310"><subfield code="a">Weekly</subfield></datafield><datafield ind1="0" ind2=" " tag="362"><subfield code="a">-v. 3, no. 2 (Jan. 27, 1905).</subfield></datafield><datafield ind1="1" ind2=" " tag="362"><subfield code="a">Began in 1903.</subfield></datafield><datafield ind1=" " ind2=" " tag="588"><subfield code="a">Description based on: Vol. 2, no. 34 (Sep. 9, 1904).</subfield></datafield><datafield ind1=" " ind2="0" tag="651"><subfield code="a">Fairland (Okla.)</subfield><subfield code="v">Newspapers.</subfield></datafield><datafield ind1=" " ind2="0" tag="651"><subfield code="a">Ottawa County (Okla.)</subfield><subfield code="v">Newspapers.</subfield></datafield><datafield ind1=" " ind2="0" tag="651"><subfield code="a">Cherokee Nation (Okla.)</subfield><subfield code="v">Newspapers.</subfield></datafield><datafield ind1=" " ind2="0" tag="651"><subfield code="a">Indian Territory</subfield><subfield code="v">Newspapers.</subfield></datafield><datafield ind1=" " ind2=" " tag="752"><subfield code="a">United States</subfield><subfield code="b">Oklahoma</subfield><subfield code="c">Ottawa</subfield><subfield code="d">Fairland.</subfield></datafield><datafield ind1="0" ind2="5" tag="780"><subfield code="t">Afton meteor</subfield><subfield code="w">(DLC)sn 96093298</subfield><subfield code="w">(OCoLC)36107109</subfield></datafield></record>